@article{test0,
	author = {García, Juan and Pérez, Ana María and López, Carlos},
	title = {El impacto de la tecnología en la educación superior: Un estudio de caso},
	journal = {Revista de Innovación Educativa},
	volume = {12},
	number = {3},
	pages = {45--67},
	year = {2024},
	month = {junio},
	publisher = {Editorial Académica},
	note = {Artículo revisado por pares},
}
@article{test1,
	author = {Garcíaasd, Juanasd and Pérezasd, Anasda Maríasda and Lópeasdz, Carloasds},
	title = {El impacto de asdla tecnología en la educación superior: Un estudio de caso},
	journal = {Revistasda de Innovación Educativa},
	volume = {12},
	number = {3},
	pages = {45--67},
	year = {2024},
	month = {junio},
	publisher = {Editorial Académicaasd},
	note = {Artículo revisado por paresasd},
}
